@misc{fluxMap1,
    author = "Dries Vandermeulen and Charles Vercauteren and Maarten Weyn", 
    publisher = "Faculty of Applied Engineering - CoSys-Lab
University of Antwerp", 
    title = "Indoor localization Using a Magnetic Flux Density Map of a Building", 
    year = "2013", 
    url = "http://www.researchgate.net/profile/Maarten_Weyn/publication/259388843_Indoor_localization_Using_a_Magnetic_Flux_Density_Map_of_a_Building/links/0deec52b545eb3d81d000000.pdf",
	note="[Online; accessed 15 Apr 2015]"

}
@misc{googleMaps,
    author = "Google", 
    publisher = "Google", 
    title = "INDOOR-KARTEN FÜR INNENRÄUME", 
    year = "2015", 
    url = "https://www.google.com/maps/about/partners/indoormaps/",
	note="[Online; accessed 15 Apr 2015]"

}

@misc{mittr,
    author = "Technology\_Review\_Custom\_MIT", 
    publisher = "MIT Technology Review Custom", 
    title = "Technology Insights
Portability vs. Privacy: Striking the Right Balance in the Mobile Era", 
    year = "2015", 
    url = "http://www.technologyreview.com/collection/the-mobile-privacy-dilemma/free-report/",
    note="[Online; accessed 15 Apr 2015]"

}


@misc{bytelight,
    author = "ByteLight", 
    publisher = "ByteLight", 
    title = "Scalable Indoor Location", 
    year = "2015", 
    url = "http://www.bytelight.com",
    note="[Online; accessed 11 May 2015]"

}

@misc{locata,
    author = "Locata", 
    publisher = "Locata", 
    title = "LocataTechExplained", 
    year = "2014", 
    url = "http://www.locata.com/technology/locata-tech-explained/",
    note="[Online; accessed 10 May 2015]"

}

@misc{estimote,
    author = "Estimote", 
    publisher = "Estimote", 
    title = "Estimote - Real-world context for your apps", 
    year = "2015", 
    url = "http://estimote.com/",
    note="[Online; accessed 08 May 2015]"
}

@misc{indooratlas,
    author = "IndoorAtlas", 
    publisher = "IndoorAtlas", 
    title = "Indoor positioning made ubiquitous.", 
    year = "2015", 
    url = "https://indooratlas.com/",
    note="[Online; accessed 11 May 2015]"
}

@misc{sail,
    author = "Alex Mariakakis and Souvik Sen and Jeongkeun Lee and Kyu-Han Kim", 
    publisher = "Bretton Woods, New Hampshire, USA", 
    title = "SAIL: Single Access Point-Based Indoor Localization", 
    year = "2015", 
    url = "http://dx.doi.org/10.1145/2594368.2594393",
    note="[Online; accessed 11 May 2015]"
}

@misc{mazemap,
    author = "MazeMap", 
    publisher = "MazeMap", 
    title = "MazeMap", 
    year = "2015", 
    url = "http://mazemap.com/",
    note="[Online; accessed 08 May 2015]"

}

@misc{inLocation,
    author = "Jane Celusak", 
    publisher = "InLocation Alliance", 
    title = "Best Use Case Winners 2014", 
    year = "2015", 
    url = "http://inlocationalliance.org/2015/04/best-use-case-winners-2014/",
    note="[Online; accessed 08 May 2015]"

}

@misc{infsoft,
    author = "infsoft", 
    publisher = "infsoft", 
    title = "infsoft - we guide you inside", 
    year = "2015", 
    url = "http://www.infsoft.co.uk",
    note="[Online; accessed 08 May 2015]"
}



@misc{cisco,
    author = "Cisco", 
    publisher = "Cisco", 
    title = "Wi-Fi Location-Based Services 4.1 Design Guide", 
    year = "2008", 
    url = "http://www.cisco.com/c/en/us/td/docs/solutions/Enterprise/Mobility/WiFiLBS-DG/wifich1.html",
    note="[Online; accessed 08 May 2015]"

}

@misc{navizon,
    author = "Navizon", 
    publisher = "Navizon", 
    title = "Navizon Indoors for Navigation", 
    year = "2014", 
    url = "https://www.navizon.com/files/Navizon_Indoors_Navigation_Fact_Sheet.pdf",
    note="[Online; accessed 08 May 2015]"

}


@misc{mapCraft,
    author = "Zhuoling Xiao and Hongkai Wen and Andrew Markham and Niki Trigoni", 
    publisher = "Department of Computer Science, University of Oxford", 
    title = "Lightweight Map Matching for Indoor Localisation using Conditional Random Fields", 
    year = "2014", 
    url = "http://www.cs.ox.ac.uk/files/6677/MapCraftPublishedIPSN14.pdf",
	note="[Online; accessed 15 Apr 2015]"

}
@misc{nfc1,
    author = "NFC\_tag\_shop", 
    publisher = "http://www.nfc-tag-shop.de", 
    title = "NFC TAG-TYPEN - CHIPTYPEN", 
    year = "2015", 
    url = "http://www.nfc-tag-shop.de/info/ueber-nfc-tags/nfc-tag-typen.html",
	note="[Online; accessed 15 Apr 2015]"

}

@misc{zigbee1,
    author = "Oziel Hernandez and Varun Jain and Suhas Chakravarty and Prashant Bhargava", 
    publisher = "freescale.com", 
    title = "Position Location Monitoring
Using IEEE® 802.15.4/ZigBee® technology", 
    year = "2009", 
    url = "http://www.freescale.com/files/microcontrollers/doc/brochure/PositionLocationMonitoring.pdf",
	note="[Online; accessed 15 Apr 2015]"

}

@misc{smart1,
    author = "OECD", 
    publisher = "OECD Publishing", 
    title = "T-Mobile technologies for responsive government and con-
nected societies.", 
    year = "2011", 
    url = "http://unpan1.un.org",
	note="[Online; accessed 24 Nov 2014]"

}

@misc{smart2,
    author = "smartcommunities.org", 
    publisher = "California Institute", 
    title = "The Smart Community Concept.", 
    year = "2001", 
    url = "http://smartcommunities.org",
	note="[Online; accessed 24 Nov 2014]"
}

@article{smart3,
  title={Smart Cities in Europe},
  author={Andrea Caragliu and Chiara Del Bo and Peter Nijkamp},
  journal={Journal of urban technology},
  volume={18},
  number={2},
  pages={65--82},
  year={2011},
  publisher={Routledge}
}

@misc{smart4,
    author = "IBM", 
    publisher = "IBM", 
    title = "Smarter thinking for a smarter planet.", 
    year = "2010", 
    url = "http://www.ibm.com/smarterplanet",
	note="[Online; accessed 24 Nov 2014]"
}
@INPROCEEDINGS{smart5, 
author={Kehua Su and Jie Li and Hongbo Fu}, 
booktitle={Electronics, Communications and Control (ICECC), 2011 International Conference on}, 
title={Smart city and the applications}, 
year={2011}, 
month={Sept}, 
pages={1028-1031}, 
keywords={social aspects of automation;city services;daily livelihood;digital city;environmental protection;public security;smart city;Cities and towns;Computers;Internet;Planets;Real time systems;Wireless communication;Wireless sensor networks;digital city;smart city;smart planet;the Internet of Things}, 
doi={10.1109/ICECC.2011.6066743},}

@incollection{digital1,
year={2002},
isbn={978-3-540-43963-9},
booktitle={Digital Cities II: Computational and Sociological Approaches},
volume={2362},
series={Lecture Notes in Computer Science},
editor={Tanabe, Makoto and van den Besselaar, Peter and Ishida, Toru},
doi={10.1007/3-540-45636-8_6},
title={Digital Cities and Digital Citizens},
url={http://dx.doi.org/10.1007/3-540-45636-8_6},
publisher={Springer Berlin Heidelberg},
author={Doug Schuler},
pages={71-85},
language={English}
}

@misc{smart6,
    author = "{Northstream}", 
    title = "White paper on revenue opportunities, from http://northstream.se/white-paper/archive.", 
    year = "2010", 
    url = " http://northstream.se/",
	note="[Online; accessed 24 Nov 2014]"
}

@incollection{smart7,
year={2000},
booktitle={Urban Studies},
title={Creative cities and economic development.},
author={P. Hall},
pages={633–649}
}

@misc{smart8,
    author = "{Setis-Eu}", 
    title = "European Initiative on Smart Cities", 
    year = "2012", 
    url = "http://setis.ec.europa.eu/implementation/technology-roadmap/European-initiative-on-smart-cities",
	note="[Online; accessed 24 Nov 2014]"
}

@misc{smart9,
	autor = "R. P. Dameri",
	publisher = "International Journal of Computers and Technology",
	title = "Searching for smart city definition: a comprehensive proposal.",
	year = "2013" 
}

@misc{smartCharacter,
	autor = "Vienna-University-of-Technology",
	title = "Smart cities: Ranking of European medium-sized cities",
	year = "2007",
    url = "http://www.smart-cities.eu/download/smart_cities_final_report.pdf",
	note="[Online; accessed 24 Nov 2014]"
}

@mastersthesis{MSMueller,
	Author = {Ernest M{\"u}ller},
	Title = {Psychological Aspects of Change (A contribution towards the understanding of the psychology behind the change process)},
	School = {Byg- DTU},
	Year = {2008}
}


@misc{healthPosition,
    author = "{Total\_Communicator\_Solutions\_Inc.}", 
    title = "Dept. of Health and Human Services Launches Pioneering Mobile App Using Personalized Messages, Gaming to Encourage Healthy Behavior at Work", 
    year = "2014", 
    url = "http://www.marketwatch.com/story/dept-of-health-and-human-services-launches-pioneering-mobile-app-using-personalized-messages-gaming-to-encourage-healthy-behavior-at-work-2014-06-04",
	note="[Online; accessed 20 Dec 2014]"
}


@incollection{smartCity,
year={2014},
isbn={978-3-319-06159-7},
booktitle={Smart City},
series={Progress in IS},
editor={Dameri, Renata Paola and Rosenthal-Sabroux, Camille},
doi={10.1007/978-3-319-06160-3_2},
title={Smart and Digital City: A Systematic Literature Review},
url={http://dx.doi.org/10.1007/978-3-319-06160-3_2},
publisher={Springer International Publishing},
keywords={Smart city; Digital city; Literature review; ICT; Urban strategies},
author={Annalisa Cocchia},
pages={13-43},
language={English}
}


@book{offenhuber2014decoding,
  title={Decoding the City: How Big Data Can Change Urbanism},
  author={D. Offenhuber and C. Ratti},
  isbn={9783038213949},
  url={http://books.google.de/books?id=y7KloAEACAAJ},
  year={2014},
  publisher={Birkh{\"a}user Verlag GmbH}
}


@incollection{berUrban,
	Author = {J{\"u}rgen B{\"a}hr},
	Booktitle = {Online-Handbuch Demografie},
	Publisher = {Berlin-Institut f{\"u}r Bef{\"o}lkerung und Entwicklung},
	Title = {Entwicklung von Urbanisierung},
	Year = {2007}}

@article{networkedCities,
	Author = {Emmanouil Tranos and Drew Gertner},
	Doi = {10.1080/13511610.2012.660327},
	Eprint = {http://dx.doi.org/},
	Journal = {Innovation: The European Journal of Social Science Research},
	Number = {2},
	Pages = {175-190},
	Title = {Smart networked cities?},
	Url = {http://dx.doi.org/},
	Volume = {25},
	Year = {2012},
	Bdsk-Url-1 = {http://dx.doi.org/},
	Bdsk-Url-2 = {http://dx.doi.org/10.1080/13511610.2012.660327}}


@misc{urbanTrends,
    author = "{Christopher Watson}", 
    publisher = "Centre for Urban and Regional Studies, The University of Birmingham, UK", 
    title = "Trends in World Urbanization", 
    year = "1993", 
    url = "http://www.icup.org.uk",
	note="[Online; accessed 22 Nov 2014]"

}

@misc{nicoT2000,
    author = "Nico-Alexei Hein", 
    publisher = "Cooperative State University Stuttgart", 
    title = "Use Case Development for Traffic Control in Emergency Situations for Smart Cities", 
    year = "2014"
}

@misc{persSmart,
    author = "Karima Kourtit and Peter Nijkamp and Daniel Arribas", 
    publisher = "Department of Spatial Economics, VU University, Amsterdam, The Netherlands", 
    title = "Smart City in perspective", 
    year = "2012"
}

@misc{ISO37120,
    author = "{ISO}", 
    publisher = "ISO", 
    title = "ISO 37120: Sustainable development of communities — Indicators for city services and quality of life", 
    year = "2014", 
    url = "www.iso.org",
	note="[Online; accessed 18 Nov 2014]"

}

@misc{euDef,
    author = "{Lewis Dijkstra and Hugo Poelman}", 
    publisher = "European Comission", 
    title = "Cities in Europe: The new OECD-EC Definition", 
    year = "2012", 
    url = "http://ec.europa.eu",
	note="[Online; accessed 18 Nov 2014]"

}

@misc{asc:2014,
    author = "{Amsterdam-Smart-City}", 
    publisher = "AmsterdamSmartCity", 
    title = "About ASC", 
    year = "2014", 
    url = "http://amsterdamsmartcity.com",
	note="[Online; accessed 19 Nov 2014]"

}

@misc{stepUpSmartCards,
    author = "{STEPUP-Smart-Cities}", 
    publisher = "University of Strathclyde", 
    title = "Smart cards as a transport, social and education policy instrument", 
    year = "2013", 
    url = "http://www.stepupsmartcities.eu",
	note="[Online; accessed 19 Nov 2014]"

}

@misc{nclimate, 
    author = "{Nature-Climate-Change}", 
    publisher = "Nature Climate Change", 
    title = "About the journal", 
    year = "2014", 
    url = "http://www.nature.com/nclimate/",
	note="[Online; accessed 19 Nov 2014]"
}

@techreport{smartCitieNorm,
	Author = {VDE_e.V.},
	Institution = {DKE Deutsche Kommission Elektrotechnik Elektronik Informationstechnik im DIN und VDE},
	Month = {April},
	Title = {Die Deutsche Normungs-Roadmap Smart City},
	Year = {2014}}

@article{startupIDN,
	Author = {Stephan Dörner},
	Journal = {The Wall Street Journal},
	Title = {Freiburger Start-up fordert Google bei der Indoor-Navigation heraus},
	Url = {http://www.wsj.de/},
	Year = {2014},
	note="[Online; accessed 3 Nov 2014]"}

@article{Haverinen:2009:GIS:1618617.1618731,
 	author = {Janne Haverinen and Anssi Kemppainen},
 	title = {Global Indoor Self-localization Based on the Ambient Magnetic Field},
 	journal = {Robot. Auton. Syst.},
 	issue_date = {October, 2009},
 	volume = {57},
 	number = {10},
 	month = oct,
 	year = {2009},
 	issn = {0921-8890},
 	pages = {1028--1035},
 	numpages = {8},
 	url = {http://dx.doi.org/10.1016/j.robot.2009.07.018},
 	doi = {10.1016/j.robot.2009.07.018},
 	acmid = {1618731},
 	publisher = {North-Holland Publishing Co.},
 	address = {Amsterdam, The Netherlands, The Netherlands},
 	keywords = {Magnetic field, Mobile robot, Monte Carlo localization},
} 

@book{rogers2003diffusion,
  title={Diffusion of Innovations, 5th Edition},
  author={E.M. Rogers},
  isbn={9780743258234},
  url={http://books.google.de/books?id=9U1K5LjUOwEC},
  year={2003},
  publisher={Free Press}
}

@book{BDSG,
  title={Bundesdatenschutzgesetz: Text und Erläuterungen},
  author={Deutscher-Bundestag},
  year={2014},
  publisher={Die Bundesschutzbeauftragte für den Datenschutz und die Informationssicherheit}
}

@misc{DiffusionsprozesseFRA, 
    author = "{W. König}", 
    publisher = "Johann Wolfgang Goethe Universität Frankfurt/Main", 
    title = "Diffusionsprozesse von Standards", 
    year = "1997", 
    url = "http://www.wiwi.uni-frankfurt.de",
	note="[Online; accessed 5 Nov 2014]"}
}
	
	 
@misc{microsoftIPSN, 
    author = "{Dimitrios Lymberopoulos}", 
    publisher = "Microsoft Research", 
    title = "Microsoft Indoor Localization Competition - IPSN 2014", 
    year = "2014", 
    url = "http://research.microsoft.com/",
	note="[Online; accessed 5 Nov 2014]"
}
@misc{kloess,
    author = "Bernd Klöss", 
    publisher = "Script of the lecture held at the Cooperative State University Stuttgart, Baden-Wuerttemberg", 
    title = "Probability theory and statistics for computer scientists", 
    year = "2014", 
}

@misc{reichardt,
    author = "Dirk Reichardt", 
    publisher = "Script of the lecture held at the Cooperative State University Stuttgart, Baden-Wuerttemberg", 
    title = "Evidenzen und Dempsters Regel", 
    year = "2014", 
}
	
@misc{unitedNations2012, 
    author = "UN", 
    publisher = "New York: United Nations", 
    title = "World Population Prospects - The 2012 Revision", 
    year = "2012", 
	page = "2",
    url = "http://esa.un.org",
	note="[Online; accessed 19 Nov 2014]"
}

@misc{dlrFiebig, 
    author = "{Uwe-Carsten Fiebig}", 
    publisher = "German Aerospace Center - Deutsches Zentrum für Luft- und Raumfahrt (DLR)", 
    title = "Navigation World Conference Forum Session Indoornavigation", 
    year = "2008", 
	page = "5",
	url = "http://www.dlr.de/Portaldata/1/Resources/standorte/oberpfaffenhofen/aktuelles/aktuelles-2/News.pdf",
	note="[Online; accessed 5 May 2015]"
}


@misc{jaronLanier, 
    author = "{Jaron Lanier}", 
    publisher = "http://www.friedenspreis-des-deutschen-buchhandels.de", 
    title = "Der High-Tech-Frieden braucht eine neue Art von Humanismus", 
    year = "2014", 
    url = "http://www.friedenspreis-des-deutschen-buchhandels.de",
	note="[Online; accessed 19 Nov 2014]"
}

@techreport{magFlux,
	titel = {Indoor localization Using a Magnetic Flux Density Map of a Building: Feasibility study of geomagnetic indoor localization},
	author = {Dries Vandermeulen and Charles Vercauteren and Maarten Weyn},
	institution = {Faculty of Applied Engineering - University of Antwerp}, 
	year = {2013},
}

@techreport{platz1,
	author = {Arne Bestmann and Rönne Reimann},
	title = {EasyPoint – Indoor Localization and Navigation Low cost, reliable and accurate},
	institution = {Microsoft Research}, 
	year = {2014},
	url = "http://research.microsoft.com/",
	note="[Online; accessed 5 Nov 2014]"
}
	
@techreport{platz2,
	titel = {MapUme – WiFi Based localization system},
	author = {Martin Klepal and Christian Beder},
	institution = {Microsoft Research}, 
	year = {2014},
	url = "http://research.microsoft.com/",
	note="[Online; accessed 5 Nov 2014]"
}


@techreport{platz3,
	author = {Christos Laoudias and George Larkou and Chin-Lung Li and Yu-Kuen Tsai and Demetrios Zeinalipour-Yazti and Christos G. Panayiotou},
	title = {Accurate Multi-Sensor Localization on Android Devices},
	institution = {Microsoft Research}, 
	year = {2014},
	url = "http://research.microsoft.com/",
	note="[Online; accessed 5 Nov 2014]"
}
	
@techreport{platz4, %platz12 is equal
	author = {Liqun Li and Chunshui Zhao and Guobin (Jacky) Shen and Feng Zhao},
	title = {Abstract: Indoor Localization with Multi-modalities},
	institution = {Microsoft Research}, 
	year = {2014},
	url = "http://research.microsoft.com/",
	note="[Online; accessed 5 Nov 2014]"
}

@techreport{platz5,
	author = {Stephan Adler and Simon Schmitt and Yuan Yang and Yubin Zhao and Marcel Kyas},
	title = {IPSN 2014 Indoor Competition: FUBLoc - Accurate Range-based Indoor Localization and Tracking},
	institution = {Microsoft Research}, 
	year = {2014},
	url = "http://research.microsoft.com/",
	note="[Online; accessed 5 Nov 2014]"
}
	
@techreport{platz6,
	author = {Patrick Lazik and Niranjini Rajagopal and Bruno Sinopoli and Anthony Rowe},
	title = {ALPS: An ultrasonic localization system},
	institution = {Microsoft Research}, 
	year = {2014},
	url = "http://research.microsoft.com/",
	note="[Online; accessed 5 Nov 2014]"
}

@techreport{platz7,
	author = {Han Zou and Hao Jiang and Lihua Xie},
	title = {WiFi Based Indoor Localization System by Using Weighted Path Loss and Extreme Learning Machine},
	institution = {Microsoft Research}, 
	year = {2014},
	url = "http://research.microsoft.com/",
	note="[Online; accessed 5 Nov 2014]"
}
	
@techreport{platz8,
	author = {Ashwin Ashok and Chenren Xu and Marco Gruteser and Richard Howard and Yanyong Zhang and Narayan Mandayam and Wenjia Yuan and Kristin Dana},
	title = {InfraRad: A Radio-Optical Beaconing Approach for Accurate Indoor Localization},
	institution = {Microsoft Research}, 
	year = {2014},
	url = "http://research.microsoft.com/",
	note="[Online; accessed 5 Nov 2014]"
}
	
@techreport{platz9,
	author = {Maciej Nikodem and Stanisław Białoskórski and Tomasz Jankowski and Dariusz Legiżyński and Szymon Szymczak},
	title = {Indoor localization based on low-power chirp transceivers},
	institution = {Microsoft Research}, 
	year = {2014},
	url = "http://research.microsoft.com/",
	note="[Online; accessed 5 Nov 2014]"
}

@techreport{platz10,
	author = {Vincenzo Dentamaro and Domenico Colucci and Pasquale Ambrosini},
	title = {Nextome – Indoor Positioning and Navigation System},
	institution = {Microsoft Research}, 
	year = {2014},
	url = "http://research.microsoft.com/",
	note="[Online; accessed 5 Nov 2014]"
}
	
@techreport{platz11,
	author = {André S. Ferraz and Alan G. Alvino and Lucas Q. L. Martins and Pedro A. Bello},
	title = {Ubee.in – An Indoor Location solution for mobile devices},
	institution = {Microsoft Research}, 
	year = {2014},
	url = "http://research.microsoft.com/",
	note="[Online; accessed 5 Nov 2014]"
}

	
@techreport{platz14,
	author = {Zhuoling Xiao and Hongkai Wen and Andrew Markham and Niki Trigoni},
	title = {Indoor Tracking Using Conditional Random Fields},
	institution = {Microsoft Research}, 
	year = {2014},
	url = "http://research.microsoft.com/",
	note="[Online; accessed 5 Nov 2014]"
}

@techreport{platz15,
	author = {Traian E. Abrudan and Zhuoling Xiao and Andrew Markham and Niki Trigoni},
	title = {Contest Abstract: IMU-Aided Magneto-Inductive Localization},
	institution = {Microsoft Research}, 
	year = {2014},
	url = "http://research.microsoft.com/",
	note="[Online; accessed 5 Nov 2014]"
}
	
@techreport{platz16,
	author = {Vladica Sark and Eckhard Grass},
	title = {A Software Defined Radio for Time of Flight Based Ranging and Localization},
	institution = {Microsoft Research}, 
	year = {2014},
	url = "http://research.microsoft.com/",
	note="[Online; accessed 5 Nov 2014]"
}
	
@techreport{platz17,
	author = {Gerald Pirkl and Peter Heveshi and Paul Lukowicz},
	title = {Indoor localisation based on resonant oscillating magnetic fields},
	institution = {Microsoft Research}, 
	year = {2014},
	url = "http://research.microsoft.com/",
	note="[Online; accessed 5 Nov 2014]"
}

@techreport{platz18,
	author = {Thomas Schmid and Daniel Lee},
	title = {High-Resolution Indoor RF Ranging},
	institution = {Microsoft Research}, 
	year = {2014},
	url = "http://research.microsoft.com/",
	note="[Online; accessed 5 Nov 2014]"
}
	
@techreport{platz19,
	author = {Chi Zhang and Jun Luo and Jianxin Wu},
	title = {MaWi: A Hybrid Magnetic and Wi-Fi System for Scalable Indoor Localization},
	institution = {Microsoft Research}, 
	year = {2014},
	url = "http://research.microsoft.com/",
	note="[Online; accessed 5 Nov 2014]"
}

@techreport{platz20,
	author = {Avik Ghose and Chirabrata Bhaumik and Nasimuddin Ahmed and Amit Agrawal and Vivek Chandel and Abhinav Kumar and Arpan Pal},
	title = {UnsupLoc - A System for Infrastructure Friendly Unsupervised Indoor Localization},
	institution = {Microsoft Research}, 
	year = {2014},
	url = "http://research.microsoft.com/",
	note="[Online; accessed 5 Nov 2014]"
}
	
@techreport{platz21,
	author = {Zhiping Jiang and Wei Xi and Xiang-Yang Li and Jizhong Zhao and Jisong Han},
	title = {HiLoc: A TDoA-Fingerprint Hybrid Indoor Localization System},
	institution = {Microsoft Research}, 
	year = {2014},
	url = "http://research.microsoft.com/",
	note="[Online; accessed 5 Nov 2014]"
}

@techreport{platz22,
	author = {Leo Selavo and Ivars Drikis and Artis Mednis},
	title = {Localization Using Digitally Steerable Antennas},
	institution = {Microsoft Research}, 
	year = {2014},
	url = "http://research.microsoft.com/",
	note="[Online; accessed 5 Nov 2014]"
}
	
@book{kehrbaum2009innovation,
  title={Innovation als sozialer Prozess: Die Grounded Theory als Methodologie und Praxis der Innovationsforschung},
  author={T. Kehrbaum},
  isbn={9783531915302},
  series={VS Research},
  url={http://books.google.de/books?id=xJuEJAlDRakC},
  year={2009},
  publisher={VS Verlag fur Sozialwissenschaften GmbH}
}

@book{gigerenzer2007bauchentscheidungen,
  title={Bauchentscheidungen: die Intelligenz des Unbewussten und die Macht der Intuition},
  author={G. Gigerenzer},
  isbn={9783570009376},
  url={http://books.google.de/books?id=RPRIGQAACAAJ},
  year={2007},
  publisher={Bertelsmann}
}

@book{singer2003neues,
  title={Ein neues Menschenbild?: Gespr{\"a}che {\"u}ber Hirnforschung},
  author={W. Singer},
  isbn={9783518291962},
  series={Suhrkamp-Taschenbuch Wissenschaft},
  url={http://books.google.de/books?id=hDS6AAAACAAJ},
  year={2003},
  publisher={Suhrkamp}
}

@book{extremetech2014thinkgpsiscool,
title={Think GPS is cool? IPS will blow your mind},
author={S. Anthony},
url={http://www.extremetech.com/extreme/126843-think-gps-is-cool-ips-will-blow-your-mind},
year={2014}
}

@book{holmes2005impact,
  title={Social Impact of the Global Positioning System (GPS)},
  author={A. Holmes},
  url={http://www.writing.ucsb.edu/faculty/holms/2E_Social_Impact_Essay2.pdf},
  year={2005}
}

@book{flySfo1,
title={SFO Unveils Mobile App for Visually-Impaired Passengers},
author={D. Yakel},
url={http://www.flysfo.com/media/press-releases/sfo-unveils-mobile-app-visually-impaired-passengers},
year={2014}
}

@book{flySfo2,
title={San Francisco Airport testing beacon system for blind travelers},
author={J. Lowensohn},
url={http://www.theverge.com/2014/7/31/5956265/san-francisco-airport-testing-beacon-system-for-blind-travelers},
year={2014}
}

@book{flySfo3,
title={Entrepreneurs Tackle Earthquake Safety, Urban Planning Tech In SF’s EIR Program},
author={K.-M. Cutler},
url={http://techcrunch.com/2014/07/30/entrepreneurs-tackle-earthquake-safety-urban-planning-tech-in-sfs-eir-program/?ncid=rss%20},
year={2014}
}

@book{flySfo4,
title={indoo.rs and San Francisco International Airport unveil App for Visually-Impaired Passengers},
author={Florian},
url={http://indoo.rs/indoo-rs-and-san-francisco-international-airport-unveil-app-for-visually-impaired-passengers/},
year={2014}
}

@book{flySfo5,
title={indoo.rs features},
author={indoo.rs},
url={http://indoo.rs/features/},
year={2015}
}

@book{campusGuide1,
title={The Campus Guide},
author={Jelle, T. and Kaaro, J. K.},
url={http://campusguiden.no/?lang=english},
year={2014}
}

@book{frauenhoferAwiloc1,
title={Fraunhofer IIS uses Awiloc indoor positioning magic to guide museum patrons},
author={D. Murph},
url={http://www.engadget.com/2010/12/13/fraunhofer-iis-uses-awiloc-indoor-positioning-magic-to-guide-mus/},
year={2010}
}

@book{frauenhoferAwiloc2,
title={Datenschützer loben WLAN-Ortungssystem},
author={W. Pluta},
url={http://www.golem.de/1103/81948.html},
year={2011}
}

@book{projectTango,
title={Introducing Project Tango},
author={Google},
url={https://www.google.com/atap/projecttango/#project},
year={2014}
}

@book{snowdenEffect,
title={New Report: Snowden Revelations Hurt U.S. Companies},
author={E. Dwoskin},
url={http://blogs.wsj.com/digits/2014/07/30/new-report-snowden-revelations-hurt-u-s-companies/},
year={2014},
note={Wall Street Journal}
}

@book{royalBCMuseum,
title={Wifarer Brings Indoor Navigation To The Royal BC Museum},
author={J. Donovan},
url={http://techcrunch.com/2012/08/01/wifarer-brings-indoor-navigation-to-the-royal-bc-museum/},
year={2012},
note={Tech Crunch}
}

@book{mazeMap1,
title={Navigating MazeMap: indoor human mobility, spatio-logical ties and future potential},
author={G. Biczok, and  S. D. Martinez and T. Jelle and J. Krogstie},
year={2014}
}

@book{geoSpital,
title={Your Geospatial industry Magazine GEOSPATIAL WORLD - so shall we reap},
author={Giuseppe Conti and Stefano Piffer and Massimo Barozzi and Ki-Joune Li},
url={http://geospatialworld.net/magazine/viewEdition.aspx?magid=449#sthash.BpuGtlnM.dpuf},
year={2014}
}

@book{indoorGeolocation,
title={Signal strength based indoor geolocation,},
author={Y. Chen and H. Kobayashi},
year={2002}
}

@book{papula, 
author={Lothar Papula}, 
journal={Vieweg+Teubner Verlag}, 
title={Mathematik für Ingenieure und Naturwissenschaftler Band 3}, 
year={2011},  
ISBN={978-3-8348-8133-5},
}

@book{measurement, 
author={A.R.J. Ruiz and F.S. Granja and J.C. Prieto Honorato and J.I.G. Rosas}, 
journal={Instrumentation and Measurement, IEEE Transactions on}, 
title={Accurate Pedestrian Indoor Navigation by Tightly Coupling Foot-Mounted IMU and RFID Measurements}, 
year={2012},  
pages={178-189}, 
ISSN={0018-9456},
}

@book{accelerometer, 
author={Adam J. Aviv, Benjamin Sapp, Matt Blaze and Jonathan M. Smith}, 
journal={University of Pennsylvania}, 
title={Practicality of Accelerometer Side Channels on Smartphones}
}

@book{gyroscope, 
author={Par M. Poisson}, 
journal={Journal de l'Ecole Polytechnique 9, no16}, 
title={Sur un Cas paerticulier du Mouvement de rotation des Corps pesans},
year={1813}
}

@book{magnetometer, 
author={Steven A. Macintyre}, 
journal={CRC Press LLC}, 
title={Magnetic field measurements},
year={2000}
}

@book{barometer,
  title={The Barometer Handbook: A Modern Look at Barometers and Applications of Barometric Pressure},
  author={Burch, D. and Burch, T.},
  isbn={9780914025122},
  url={https://books.google.co.uk/books?id=7VxtPgAACAAJ},
  year={2009},
  publisher={Starpath Publications}
}

@book{HiddenMarkovModel, 
author={Yingjun Zhang and Wen Liu and Xuefeng Yang and Shengwei Xing}, 
journal={MEASUREMENT SCIENCE REVIEW, Volume. 15, No. 1, 2015}, 
title={Hidden Markov Model},
year={2015}
}


	