@misc{IntroToHomeKit,
    author = "Kevin McLaughlin", 
    publisher = "Apple WWDC14", 
    title = "Introduction to Homekit", 
    year = "2014", 
    url = "https://developer.apple.com/videos/wwdc/2014/#213",
	note="[Online; accessed 10 June 2015]"

}

@book{youngRefugees,
	title={Raising young refugees' voices in Europe and beyond},
	url={https://www.coe.int/t/dg4/youth/Resources/Publications/Presentations/069_Young_Refugees_Voices_en.asp},
	year={2008}
}

@book{websters1,
	title={Webster’s New World College Dictionary},
	url={http://websters.yourdictionary.com}
}

@book{E-Tagging,
	title={E-Tagging: From Niches to the Supranet},
	author={Magrassi, Paolo},
	year={2001}
}


@book{SmartObjects,
	title={A World of Smart Objects},
	author={Magrassi, Paolo},
	year={2002}
}

@book{Knuth,
 	author = {Knuth, Donald E.},
 	title = {The Art of Computer Programming,  Volume 3: (2Nd Ed.) Sorting and Searching},
 	year = {1998},
 	isbn = {0-201-89685-0},
 	publisher = {Addison Wesley Longman Publishing Co., Inc.},
 	address = {Redwood City, CA, USA},
} 

@web{freshome,
	title={Why Form Should Follow Function In Interior Design},
	url={http://freshome.com/2014/11/18/why-form-should-follow-function-in-interior-design/},
	year={2014}
}

@web{WhyIsMySmartHome,
	title={Why Is My Smart Home So Fucking Dumb?},
	url={http://gizmodo.com/why-is-my-smart-home-so-fucking-dumb-1684949715},
	year={2015}
}



@web{lutron,
	title={Lutron History},
	url={http://www.lutron.com/en-US/Company-Info/Pages/AboutUS/OurStory.aspx},
	year={2015}
}

@web{CPUComputingPower,
	title={Why Moore's Law, not mobility, is killing the PC},
	author={Chacos, Brad},
	url={http://www.pcworld.com/article/2030005/why-moores-law-not-mobility-is-killing-the-pc.html},
	year={2013}
}

@web{TechnologicalMinimalism,
	title={The "Only" Coke Machine on the Internet},
	author={Coke Vending Machine},
	url={http://www.cs.cmu.edu/%7Ecoke/history_long.txt},
	year={2012}
}

@web{cokeVendingMachineIoT,
	title={That Thing You do With Apple? Don’t Do it},
	author={Martellaro, John},
	url={http://www.macobserver.com/tmo/article/that-thing-you-do-with-apple-dont-do-it},
	year={1990}
}

http://www.cs.cmu.edu/%7Ecoke/history_long.txt

@web{IoT-Techcrunch,
	title={Internet of Things - Techcrunch},
	url={http://techcrunch.com/topic/subject/internet-of-things/},
	year={2015}
}

@web{SmartHome-Techcrunch,
	title={In The U.S. Smart Home Market, Don’t Rule Out China},
	url={http://techcrunch.com/2015/06/11/in-the-u-s-smart-home-market-dont-rule-out-china/#.dpvbs4:xPfK},
	year={2015}
}

@web{SamsungComputerBild,
	title={Samsung Smart Home: Den Haushalt per App steuern},
	url={http://www.computerbild.de/artikel/cb-News-PC-Hardware-Samsung-Smart-Home-App-Haushalt-steuern-9963297.html},
	author={Rike Fabia Lohmann},
	year={2014}
}

@web{SamsungEncryption,
	title={Samsung Smart TV Doesn't Encrypt Voice Data: Hackers' Delight?},
	url={http://www.techtimes.com/articles/33805/20150219/samsung-smart-tv-doesnt-encrypt-voice-data-hackers-delight.htm},
	author={Judy Mottl},
	year={2015}
}

@web{SHP,
	title={CES 2014: Samsung zeigt neues Smart Home-Konzept},
	url={http://www.giga.de/events/ces/news/ces-2014-samsung-zeigt-neues-smart-home-konzept/},
	author={Steffen Pochanke},
	year={2014}
}

@web{HomeKitComputingPower,
	title={Apple's Strict Bluetooth LE Security Requirements Slowing Rollout of HomeKit Accessories},
	url={http://www.macrumors.com/2015/07/22/apple-bluetooth-le-security-slowing-homekit/},
	author={Joe Rossignol},
	year={2015}
}

@web{GoogleAcquiresNest,
	title={Nest: Erstmals neue Smart-Home-Geräte seit Übernahme durch Google },
	url={http://www.heise.de/newsticker/meldung/Nest-Erstmals-neue-Smart-Home-Geraete-seit-Uebernahme-durch-Google-2714910.html},
	year={2015}
}

@web{Brillo,
	title={Google Developers - Brillo},
	url={https://developers.google.com/brillo/},
	note={CNET Magazine},
	year={2015}
}

@web{SmartThingsCompat,
	title={A Renter's Guide to a Smart Home},
	author={Bridget Carey},
	year={2015}
}

@web{BrilloHeise,
	title={Google Brillo und Weave: Ein Android fürs Internet der Dinge},
	url={http://www.heise.de/newsticker/meldung/Google-Brillo-und-Weave-Ein-Android-fuers-Internet-der-Dinge-2670592.html},
	year={2015}
}

@web{SmartThingsKick,
	title={SmartThings: Security Issue},
	url={https://community.smartthings.com/t/security-announcement-from-smartthings/10950},
	year={2012}
}

@web{SmartThingsSecurityIssue,
	title={SmartThings: Make Your World Smarter},
	url={https://www.kickstarter.com/projects/smartthings/smartthings-make-your-world-smarter},
	year={2015}
}

@web{SmartThingsCloud,
	title={Smart Home: SmartThings wendet sich von der Cloud ab},
	url={http://www.heise.de/newsticker/meldung/Smart-Home-SmartThings-wendet-sich-von-der-Cloud-ab-2594477.html},
	year={2015}
}



@web{HomeKitFutureProofness,
	title={Future Proofing Your Smart Home for Apple HomeKit Compatibility},
	url={http://www.makeuseof.com/tag/future-proofing-smart-home-apple-homekit-compatibility/},
	year={2015}
}

@web{SmartTrust,
	title={"Like a Family Member Who Takes Care of Me"
Users' Anthropomorphic Representations and Trustworthiness of Smart Home Environments},
	url={http://vwhci.avestia.com/2014/004.html},
	author={Oliver Sack, Carsten Röcker },
	year={2014}
}

@web{IoTFoundationOverview,
	title={IoT Foundation Ceoncept},
	url={https://docs.internetofthings.ibmcloud.com/reference/concepts.html},
	year={2015}
}

@web{IoTFoundationConcept,
	title={Understand things?},
	url={https://internetofthings.ibmcloud.com/#/},
	year={2015}
}

@web{AppleHomeKitSample,
	title={Apple HomeKit sample app},
	url={https://developer.apple.com/library/ios/samplecode/HomeKitCatalog/Introduction/Intro.html},
	year={2015}
}






@misc{IoTDef1,
	title={IoT Definition},
	author={Ashton, Kevin},
	year={1999}
}

@misc{IoTDef2,
	title={IoT Definition},
	author={Raji, Reza},
}

@misc{FFF,
	title={Form follows function},
	author={Louis Sullivan},
	note={rediscovered in 1930, originally between 1805-1852},
	year={1930}
}

@misc{FrankLeo,
	howpublished={personal communication},
	author={Frank Leo Mielke},
	note={Frank Leo Mielke, IBM Employee},
	year={2015}
}

@misc{PatriziaGufler,
	howpublished={personal communication},
	author={PatriziaGufler},
	note={PatriziaGufler, IBM Employee},
	year={2015}
}

